<?xml version="1.0" encoding="UTF-8"?><collection xmlns="http://www.loc.gov/MARC21/slim"><record><leader>00460nam--2200169-i-4500</leader><controlfield tag="001">000005470</controlfield><controlfield tag="002">20161230</controlfield><controlfield tag="005">20161230201026</controlfield><controlfield tag="008">060222s1000------------r-----000-0-eng-d</controlfield><datafield ind1=" " ind2=" " tag="040"><subfield code="a">IFIN-HH</subfield></datafield><datafield ind1=" " ind2=" " tag="080"><subfield code="a">801.323.2=850=82</subfield></datafield><datafield ind1="1" ind2=" " tag="100"><subfield code="a">Melnikova, E</subfield></datafield><datafield ind1="1" ind2="0" tag="245"><subfield code="a">Cesko-rusky slovnik</subfield><subfield code="b">Cessko-russkii slovari</subfield><subfield code="c">E. melnikava</subfield></datafield><datafield ind1=" " ind2=" " tag="260"><subfield code="a">Praha</subfield><subfield code="b">Statni Pedagogicke Nakladatelstvi</subfield><subfield code="c">1958</subfield></datafield><datafield ind1=" " ind2=" " tag="300"><subfield code="a">1302 P</subfield></datafield><datafield ind1=" " ind2=" " tag="852"><subfield code="a">D.222</subfield><subfield code="c">SLF</subfield></datafield><datafield ind1=" " ind2=" " tag="CAT"><subfield code="a">Sys</subfield><subfield code="c">20130213</subfield><subfield code="h">140432</subfield></datafield></record></collection>